@article{olama2011design,
	title={Design and implementation of a noise tolerant polynomial nonlinear ARX model using the averaging wavelet method},
	author={Olama, Ehsan Khadem and Jazayeri-Rad, Hooshang},
	journal={International Journal of Computer Applications},
	volume={35},
	number={1},
	pages={1--5},
	year={2011},
	publisher={Citeseer}
}
