@article{olama2011design,
	title={Design and implementation of a noise tolerant polynomial nonlinear ARX model using the averaging wavelet method},
	author={Olama, Ehsan Khadem and Jazayeri-Rad, Hooshang},
	journal={International Journal of Computer Applications},
	volume={35},
	number={1},
	pages={1--5},
	year={2011},
	publisher={Citeseer}
}

@article{10.1145/367701.367709,
	author = {Rieffel, Eleanor and Polak, Wolfgang},
	title = {An Introduction to Quantum Computing for Non-Physicists},
	year = {2000},
	issue_date = {Sept. 2000},
	publisher = {Association for Computing Machinery},
	address = {New York, NY, USA},
	volume = {32},
	number = {3},
	issn = {0360-0300},
	url = {https://doi.org/10.1145/367701.367709},
	doi = {10.1145/367701.367709},
	journal = {ACM Comput. Surv.},
	month = {sep},
	pages = {300–335},
	numpages = {36},
	keywords = {parallelism, quantum computing, complexity}
}

@misc{qcfcs,
	author = {Andrew Helwer},
	title = {Quantum Computing for Computer Scientists
	},
	date = {14},
	url = {https://www.microsoft.com/en-us/research/video/quantum-computing-computer-scientists/},
	organization = {Microsoft},
	month = {02},
	year = {2018},
}


@misc{notacaoDirac,
	author = {Jaderson G. Polli},
	title = {Notação de Dirac},
	date = {2023-06-16},
	url = {https://www.youtube.com/watch?v=rZHXREnWc2o&list=PLPzErRoXFRYZ9ijxFKrzQMhdfy9P3JsGe},
	month = {09},
	year = {2020},
}

@book{binney2013physics,
	title={The physics of quantum mechanics},
	author={Binney, James and Skinner, David},
	year={2013},
	publisher={Oxford University Press}
}

@phdthesis{da2018introduccao,
	title={Uma introdu{\c{c}}{\~a}o {\`a} Computa{\c{c}}{\~a}o Qu{\^a}ntica},
	author={da Silva, Wagner Jorcuvich Nunes},
	year={2018},
	school={Universidade de S{\~a}o Paulo}
}
