@misc{ openmp08,
	author = {{OpenMP Architecture Review Board}},
	title = {{OpenMP} Application Program Interface Version 5.2},
	month = may,
	year = 2021,
	url = {https://www.openmp.org/wp-content/uploads/OpenMP-API-Specification-5-2.pdf}
}

@misc{ openmp08SV,
	author = {{OpenMP Architecture Review Board}},
	title = {{OpenMP} Environment Variables},
	month = may,
	year = 2023,
	url = {tps://www.openmp.org/spec-html/5.0/openmpch6.html}
}

@book{hildebrand1987introduction,
	title={Introduction to numerical analysis},
	author={Hildebrand, Francis Begnaud},
	year={1987},
	publisher={Courier Corporation}
}
ht